
@article{DeFinettiLogicProbability1995,
  title = {The {{Logic}} of {{Probability}}},
  volume = {77},
  issn = {0031-8116},
  number = {1},
  journal = {Philosophical Studies: An International Journal for Philosophy in the Analytic Tradition},
  author = {De Finetti, Bruno and Angell, Brad},
  year = {1995},
  pages = {181--190}
}

@article{JohanssonMinimal1936,
  title = {{Der Minimalkalk{\"u}l, ein reduzierter intuitionistischer Formalismus}},
  volume = {4},
  issn = {0010-437X; 1570-5846/e},
  language = {German},
  journal = {Compositio Mathematica},
  author = {Johansson, Ingebrigt},
  year = {1936},
  keywords = {Foundations; philosophy; logic},
  pages = {119--136}
}


